@article{CNRS,
	Abstract = {MODÉLISATION D’UNE ÉPIDÉMIE, PARTIE 2},
	Author = {C. Bayette and M. Monticelli},
	Journal = {Images des Mathématiques},
	Month = {},
	Number = {},
	Numpages = {},
	Pages = {},
	Title = {MODÉLISATION D’UNE ÉPIDÉMIE, PARTIE 2},
	Volume = {},
	Url = {http://images.math.cnrs.fr/Modelisation-d-une-epidemie-partie-2.html?lang=fr#nh1},
	Year = {2020}}
@article{Kaggle,
	Abstract = {COVID-19 data with SIR model},
	Author = {Lisphilar},
	Journal = {Kaggle},
	Month = {},
	Number = {},
	Numpages = {},
	Pages = {},
	Title = {COVID-19 data with SIR model},
	Volume = {},
	Url = {https://www.kaggle.com/lisphilar/covid-19-data-with-sir-model#SIR-D-model},
	Year = {2020}}
@article{GitHub,
	Abstract = {Time series summary},
	Author = {CSSE},
	Journal = {GitHub},
	Month = {},
	Number = {},
	Numpages = {},
	Pages = {},
	Title = {Time series summary},
	Volume = {},
	Url = {https://github.com/CSSEGISandData/COVID-19/tree/master/csse_covid_19_data/csse_covid_19_time_series},
	Year = {2021}}
@article{JHU,
	Abstract = {COVID-19 Dashboard by the Center for Systems Science and Engineering (CSSE) at Johns Hopkins University (JHU)},
	Author = {CSSE},
	Journal = {Arcgis},
	Month = {},
	Number = {},
	Numpages = {},
	Pages = {},
	Title = {COVID-19 Dashboard by the Center for Systems Science and Engineering (CSSE) at Johns Hopkins University (JHU)},
	Volume = {},
	Url = {https://www.arcgis.com/apps/opsdashboard/index.html#/bda7594740fd40299423467b48e9ecf6},
	Year = {2021}}
@article{Nguemdjo,
  title={Simulating the progression of the COVID-19 disease in Cameroon using SIR models},
  author={Nguemdjo, Ulrich and Meno, Freeman and Dongfack, Audric and Ventelou, Bruno},
  journal={PloS one},
  volume={15},
  number={8},
  pages={e0237832},
  year={2020},
  publisher={Public Library of Science San Francisco, CA USA},
  url = {https://journals.plos.org/plosone/article?id=10.1371/journal.pone.0237832}
}
